@Conference{dobjanschi:developing-android,
	title		= {Developing Android REST client applications},
	author		= {Virgil Dobjanschi},
	eooktitle	= {Google I/O 2010},
	year		= {2010},
	timestamp	= {10.04.2015},
	url			= {https://www.youtube.com/watch?v=xHXn3Kg2IQE}
}

@Book{louis:android,
	title  		= {Android: Der schnelle und einfache Einstieg in die Programmierung und Entwicklungsumgebung},
	author  	= {Dirk Louis and Peter M\"{u}ller},
	publisher	= Carl Hanser Verlag GmbH \& Company KG},
	year		= {2014},
	address		= {Hanser eLibrary},
	key			= {louis2014android},
	owner		= {Elisabeth},
	timestamp	= {10.04.2015}
}

@Article{tilko:rest,
	title		= {REST: Die Architektur des WEB},
	author 		= {Stefan Tilkov, Phillip Ghadir},
	journal		= {ObjektSpektrum},
	year 		= {2006},
	month 		= {05},
	timestamp 	= {10.04.2015},
	url 		= {http://www.sigs.de/publications/os/2006/05/tilkov_ghadir_OS_05_06.pdf}
}

@Electronic{stackOverflow:rest-client,
	author 		= {StackOverflow},
	title 		= {Best REST Client Framework/Utility on Android},
	url 		= {http://stackoverflow.com/questions/4945119/best-rest-client-framework-utility-on-android},
	lastchecked = {10.04.2015},
	note 		= "{Letzter Besuch: {10.04.2015}}"
}

@Electronic{projektbeschreibung:revex2020,
	author 		= {Thomas Artner},
	title 		= {Projektbeschreibung REVEX2020},
	url 		= {https://www.inso.tuwien.ac.at/?id=471},
	lastchecked = {27.04.2015},
	note 		= "{Letzter Besuch: {27.04.2015}}"
}

@book{burd:android,
	author 		= {Barry Burd},
	title		= {Android Application Development All-in-One For Dummies},
	series		= {For dummies},
	year		= {2011},
	publisher	= {John Wiley \& Sons}
}

@book{smartMobileApps1,
	author 		= {Claudia Linnhoff-Popien und Stephan Verclas},
	editor 		= {Stephan Verclas und Claudia Linnhoff-Popien},
	title 		= {Smart Mobile Apps -- Mit Business-Apps ins Zeitalter mobiler Gesch\"{a}ftsprozesse},
	chapter 	= {1: Mit Business-Apps ins Zeitalter mobiler Gesch\"{a}ftsprozesse},
	pages 		= {3-14},
	publisher 	= {Springer},
	year 		= {2012},
	series 		= {Xpert.press},
}

@book{smartMobileApps7,
	author 		= {Michael Kern},
	editor 		= {Stephan Verclas und Claudia Linnhoff-Popien},
	title 		= {Smart Mobile Apps -- Mit Business-Apps ins Zeitalter mobiler Gesch\"{a}ftsprozesse},
	chapter 	= {7: Eine neue Generation von Gesch\"{a}ftsanwendungen},
	pages 		= {95-106},
	publisher 	= {Springer},
	year 		= {2012},
	series 		= {Xpert.press},
}

@book{smartMobileApps17,
	author 		= {Jens Bertram und Carsten Kleiner},
	editor 		= {Stephan Verclas und Claudia Linnhoff-Popien},
	title 		= {Smart Mobile Apps -- Mit Business-Apps ins Zeitalter mobiler Gesch\"{a}ftsprozesse},
	chapter 	= {17: Mobile Apps in Enterprise-Anwendungen unter Ber\"{u}cksichtigung von Sicherheitsaspekten},
	pages 		= {253-267},
	publisher 	= {Springer},
	year 		= {2012},
	series 		= {Xpert.press},
}

@misc{vergleich13,
	author 		= {Markus Fischer and K\'{a}lm\'{a}n K\'{e}pes and Alexander Wassiljew},
	title 		= {Vergleich von Frameworks zur Implementierung von REST-basierten Anwendungen},
	year 		= {2013},
	URL 		= {http://elib.uni-stuttgart.de/opus/volltexte/2013/8731},
}

@article{parnin2012crowd,
	title		= {Crowd documentation: Exploring the coverage and the dynamics of API discussions on Stack Overflow},
	author		= {Chris Parnin, Christoph Treude, Lars Grammel, Margaret-Anne Storey},
	journal		= {Georgia Institute of Technology, Tech. Rep},
	year		= {2012}
}

@Electronic{balter:strongOS,
	author 		= {Ben Balter},
	title 		= {How to identify a strong open source project},
	url 		= {http://ben.balter.com/2014/06/02/how-to-identify-a-strong-open-source-project/},
	lastchecked = {28.09.2015},
	note 		= {Letzter Besuch: {28.09.2015}}
}

@phdthesis{fielding:restDis,
	author 		= {Fielding, Roy Thomas},
	title 		= {Architectural Styles and the Design of Network-based Software Architectures},
	year 		= {2000},
	publisher	= {University of California, Irvine},
} 

@book{restHttp:book,
	author 		= {Stefan Tilkov, Martin Eigenbrodt, Silvia Schreier, Oliver Wolf},
	title		= {REST und HTTP: Entwicklung und Integration nach dem Architekturstil des Web},
	year		= {2015},
	publisher	= {dpunkt.verlag},
	chapter 	= {2: Einf√ºhrung in REST},
}

@Electronic{retrofit,
	author 		= {Square},
	title 		= {Retrofit},
	url 		= {http://square.github.io/retrofit/},
	lastchecked = {19.10.2015},
	note 		= {Letzter Besuch: {19.10.2015}}
}

@Electronic{okhttp,
	author 		= {Square},
	title 		= {OkHttp},
	url 		= {http://square.github.io/okhttp/},
	lastchecked = {31.10.2015},
	note 		= {Letzter Besuch: {31.10.2015}}
}

@Electronic{ressourcen:rest,
	author		= {Martina Szybiak},
	title		= {Kurz \& Gut: Ressourcen},
	url 		= {http://www.se.uni-hannover.de/pub/File/kurz-und-gut/ws2011-labor-restlab/RESTLab-Ressourcen-Martina-Szybiak-kurz-und-gut.pdf},
	lastchecked = {31.10.2015},
	note 		= {Letzter Besuch: {31.10.2015}}
}


@Electronic{consumingRetrofit,
	author 		= {Roger Hu},
	title 		= {Consuming APIs with Retrofit},
	url 		= {https://guides.codepath.com/android/Consuming-APIs-with-Retrofit},
	lastchecked = {31.10.2015},
	note 		= {Letzter Besuch: {31.10.2015}}
}



