% This file was created with JabRef 2.10.
% Encoding: Cp1252


@Conference{dobjanschi:developing-android,
  Title                    = {Developing Android REST client applications},
  Author                   = {Virgil Dobjanschi},
  Booktitle                = {Google I/O 2010},
  Year                     = {2010},

  Timestamp                = {10.04.2015},
  Url                      = {https://www.youtube.com/watch?v=xHXn3Kg2IQE}
}

@Book{louis:android,
  Title                    = {Android: Der schnelle und einfache Einstieg in die Programmierung und Entwicklungsumgebung},
  Author                   = {Dirk Louis and Peter M{\"u}ller},
  Publisher                = {Carl Hanser Verlag GmbH \& Company KG},
  Year                     = {2014},

  Address                  = {Hanser eLibrary},

  Key                      = {louis2014android},
  Owner                    = {Elisabeth},
  Timestamp                = {10.04.2015}
}

@Article{tilko:rest,
  Title                    = {REST: Die Architektur des WEB},
  Author                   = {Stefan Tilkov, Phillip Ghadir},
  Journal                  = {ObjektSpektrum},
  Year                     = {2006},

  Month                    = {05},

  Timestamp                = {10.04.2015},
  Url                      = {http://www.sigs.de/publications/os/2006/05/tilkov_ghadir_OS_05_06.pdf}
}

@Electronic{stackOverflow:rest-client,
author = {StackOverflow},
title = {Best REST Client Framework/Utility on Android},
url = {http://stackoverflow.com/questions/4945119/best-rest-client-framework-utility-on-android},
lastchecked  = {10.04.2015},
note = "[abgerufen am {10.04.2015}]"
}

@book{burd:android,
  author = {Barry Burd},
  title={Android Application Development All-in-One For Dummies},
  series={For dummies},
  year={2011},
  publisher={John Wiley \& Sons}
}
